@article{nguyen2018,
  author = {Nguyen, T. and Chen, S. W. and Shivakumar, S. S. and Taylor, C. J. and Kumar, V.},
  title = {Unsupervised Deep Homography: A Fast and Robust Homography Estimation Model},
  journal = {IEEE Robotics and Automation Letters},
  year = {2018},
  volume = {3},
  number = {3},
  pages = {2346--2353},
  doi = {10.1109/LRA.2018.2809549}
}

@article{lindenberger2023lightglue,
  author = {Lindenberger, Philipp and Sarlin, Paul-Eduard and Pollefeys, Marc},
  title = {LightGlue: Local Feature Matching at Light Speed},
  journal = {arXiv preprint arXiv:2306.13643},
  year = {2023},
  url = {https://arxiv.org/pdf/2306.13643}
}

@misc{opencv_warp_affine,
  author = {{OpenCV}},
  title = {Warp Affine Transformation},
  year = {2024},
  url = {https://docs.opencv.org/4.x/d4/d61/tutorial_warp_affine.html},
  note = {Accessed: 2024-10-24}
}

@misc{sorkine2017least_squares,
  author = {Sorkine-Hornung, Olga and Rabinovich, Michael},
  title = {Least-Squares Rigid Motion Using SVD},
  year = {2017},
  institution = {Department of Computer Science, ETH Zurich},
  note = {January 16, 2017}
}

@misc{opencv_homography,
  author = {{OpenCV}},
  title = {Homography Estimation},
  year = {2024},
  url = {https://docs.opencv.org/4.x/d9/dab/tutorial_homography.html},
  note = {Accessed: 2024-10-24}
}

@misc{cvg2023lightglue,
  author = {{Cvg}},
  title = {LightGlue: Local Feature Matching at Light Speed},
  year = {2023},
  howpublished = {GitHub},
  url = {https://github.com/cvg/LightGlue},
  note = {Accessed: 2024-10-24}
}

@misc{rpaultrat2023superpoint,
  author = {{Rpaultrat}},
  title = {Efficient Neural Feature Detector and Descriptor},
  year = {2023},
  howpublished = {GitHub},
  url = {https://github.com/rpaultrat/SuperPoint},
  note = {Accessed: 2024-10-24}
}

@article{wright2022cold,
  author = {Wright, M. J. and Anastassiou, L. and Mishra, C. and Davies, J. M. and Phillips, A. M. and Maskell, S. and Ralph, J. F.},
  title = {Cold atom inertial sensors for navigation applications},
  journal = {Frontiers in Physics},
  volume = {10},
  pages = {994459},
  year = {2022},
  doi = {10.3389/fphy.2022.994459}
}

@article{Zhuang2023,
  author = {Zhuang, Yuan and Sun, Xiao and Li, You and Huai, Jianzhu and Hua, Luchi and Yang, Xiansheng and Cao, Xiaoxiang and Zhang, Peng and Cao, Yue and Qi, Longning and Yang, Jun and El-Bendary, Nashwa and El-Sheimy, Naser and Thompson, John and Chen, Ruizhi},
  title = {Multi-sensor integrated navigation/positioning systems using data fusion: From analytics-based to learning-based approaches},
  journal = {Information Fusion},
  volume = {95},
  pages = {62-90},
  year = {2023},
  doi = {10.1016/j.inffus.2023.01.025}
}

@article{GlobalLocal2023,
  author = {Rezvani, Z. and Shekarizeh, S. and Sabokrou, M.},
  title = {Global-Local Processing in Convolutional Neural Networks},
  year = {2023},
  doi = {10.48550/arxiv.2306.08336},
  url = {https://doi.org/10.48550/arxiv.2306.08336}
}

@article{Zhang2024,
  author = {Zhang, X. and Xiao, F. and Zheng, M. and Xie, Z.},
  title = {UAV image matching from handcrafted to deep local features},
  journal = {European Journal of Remote Sensing},
  volume = {57},
  number = {1},
  year = {2024},
  doi = {10.1080/22797254.2024.2307619}
}

@manual{opencv_akaze,
  author = {{OpenCV}},
  title = {cv::AKAZE Class Reference},
  year = {2018},
  url = {https://docs.opencv.org/3.4/d8/d30/classcv_1_1AKAZE.html}
}

@manual{opencv_orb_tutorial,
  author = {{OpenCV}},
  title = {ORB (Oriented FAST and Rotated BRIEF) - Feature Detection},
  year = {2022},
  url = {https://docs.opencv.org/4.x/d1/d89/tutorial_py_orb.html}
}

@manual{opencv_bfmatcher,
  author = {{OpenCV}},
  title = {cv::BFMatcher Class Reference},
  year = {2022},
  url = {https://docs.opencv.org/4.x/d3/da1/classcv_1_1BFMatcher.html}
}

@manual{opencv_flann_tutorial,
  author = {{OpenCV}},
  title = {FLANN-based Matcher - Feature Matching with FLANN},
  year = {2018},
  url = {https://docs.opencv.org/3.4/d5/d6f/tutorial_feature_flann_matcher.html}
}

@manual{opencv_matcher_tutorial,
  author = {{OpenCV}},
  title = {Feature Matching in OpenCV},
  year = {2018},
  url = {https://docs.opencv.org/3.4/dc/dc3/tutorial_py_matcher.html}
}

@article{sharma2022crosscorrelation,
  author = {Sharma, Vipin},
  title = {Image-Template Matching using Cross-Correlation},
  year = {2022},
  journal = {Medium},
  url = {https://vipin-sharma.medium.com/image-template-matching-using-cross-correlation-2f2b8e59f254},
  note = {Accessed: 2024-10-26}
}

@article{rosebrock2014comparehistograms,
  author = {Rosebrock, Adrian},
  title = {How-To: 3 Ways to Compare Histograms using OpenCV and Python},
  year = {2014},
  journal = {PyImageSearch},
  url = {https://pyimagesearch.com/2014/07/14/3-ways-compare-histograms-using-opencv-python/},
  note = {Accessed: 2024-10-26}
}

@article{rosebrock2017imagedifference,
  author = {Rosebrock, Adrian},
  title = {Image Difference with OpenCV and Python},
  year = {2017},
  journal = {PyImageSearch},
  url = {https://pyimagesearch.com/2017/06/19/image-difference-with-opencv-and-python/},
  note = {Accessed: 2024-10-26}
}

@article{khalil2024gnss,
  author = {Khalil, Jesse},
  title = {GNSS spoofing threatens airline safety, alarming pilots and aviation officials},
  journal = {GPS World},
  year = {2024},
  url = {https://www.gpsworld.com/gnss-spoofing-threatens-airline-safety-alarming-pilots-and-aviation-officials/}
}

@misc{Weiss2024,
  author = {Weiss, Martin},
  title = {Personal communication},
  howpublished = {RF Engineer},
  year = {2024},
  note = {June 26}
}

@misc{scoutaerial2024lidar,
  author = {{Scout Aerial Australia}},
  title = {An Introduction to LiDAR Technology and Its Applications},
  year = {2024},
  url = {https://www.scoutaerial.com.au/article-lidar/},
  note = {Accessed: October 17, 2024}
}

@misc{geotab2024gps,
  author = {{Geotab Team}},
  title = {What is GPS?},
  year = {2024},
  url = {https://www.geotab.com/blog/what-is-gps/},
  note = {Accessed: October 17, 2024}
}

@article{bian2020gms,
  author = {Bian, Jia-Wang and Lin, Wen-Yan and Liu, Yun and Zhang, Le and Yeung, Sai-Kit and Cheng, Ming-Ming and Reid, Ian},
  title = {GMS: Grid-Based Motion Statistics for Fast, Ultra-robust Feature Correspondence},
  journal = {International Journal of Computer Vision},
  volume = {128},
  year = {2020},
  month = {June},
  doi = {10.1007/s11263-019-01280-3}
}

@misc{fisher2002ransac,
  author = {Fisher, Robert B.},
  title = {The RANSAC (Random Sample Consensus) Algorithm},
  year = {2002},
  url = {https://homepages.inf.ed.ac.uk/rbf/CVonline/LOCAL_COPIES/FISHER/RANSAC/},
  note = {Accessed: 2024-10-28}
}

@phdthesis{farin2005video,
  author = {Farin, Dirk S.},
  title = {Automatic Video Segmentation Employing Object/Camera Modeling},
  school = {Technische Universiteit Eindhoven},
  year = {2005}
}


@misc{brewer_line_2024,
  author = {Brewer, John},
  title = {Line of Sight Requirements for Reliable Low-Power RF Communication},
  year = {2024},
  howpublished = {White Paper, ATEK Access Technologies},
  note = {Senior Electrical Design Engineer}
}

